@book{Burden,
       author = {R. Burden y J.D.Faires},
       year = {1998},
       title = {Análisis numérico},
       publisher = {International Thomson Editors}
     }
@book{Golub,
		author = {Gene H. Golub y Charles F. Van Loan},
		year = {1996},
		title = {Matrix Computations},
		publisher = {The Johns Hopkins University Press, Baltimore}
	}


